<?xml version="1.0" encoding="UTF-8"?><record xmlns="http://www.loc.gov/MARC21/slim" xmlns:cinclude="http://apache.org/cocoon/include/1.0" xmlns:zs="http://www.loc.gov/zing/srw/">
  <leader>00374nz  a2200133n  4500</leader>
  <controlfield tag="001">no2004099534</controlfield>
  <controlfield tag="003">DLC</controlfield>
  <controlfield tag="005">20041015052237.0</controlfield>
  <controlfield tag="008">041014n| acannaabn          |n aaa     c</controlfield>
  <datafield tag="010" ind1=" " ind2=" ">
    <subfield code="a">no2004099534</subfield>
  </datafield>
  <datafield tag="035" ind1=" " ind2=" ">
    <subfield code="a">(OCoLC)oca06467951</subfield>
  </datafield>
  <datafield tag="040" ind1=" " ind2=" ">
    <subfield code="a">RPB-NP</subfield>
    <subfield code="b">eng</subfield>
    <subfield code="c">RPB-NP</subfield>
  </datafield>
  <datafield tag="100" ind1="1" ind2=" ">
    <subfield code="a">Boden, Kristina</subfield>
  </datafield>
  <datafield tag="670" ind1=" " ind2=" ">
    <subfield code="a">Hamlet (Motion picture : 2000), c2001:</subfield>
    <subfield code="b">title frame (Kristina Boden, editor)</subfield>
  </datafield>
</record>